%% Saved with string encoding Unicode (UTF-8) 
%% 
%% Exemplos de Bibliografia
%%
%% Deve ser modificado. Coloque aqui suas Referências

@inproceedings{debugandoedUFU,
  title={Desenvolvimento de uma plataforma web didática para auxiliar o ensino de Estrutura de Dados},
  author={Lucas Fernando Borges and Ana Cláudia Martinez and Thiago Pirola Ribeiro},
  booktitle={Anais dos eventos VII FACOM TECHWEEK e XIV Workshop de Teses e Dissertações em Ciência da Computação},
  location = {On-line},
  year={2020},
  pages = {12},
  publisher = {Universidade Federal de Uberlândia},
  address = {Uberlândia, MG, Brasil},
  issn = {2447-0406},
  url = {http://www.techweek.facom.ufu.br/sites/techweek.facom.ufu.br/files/Anais_XIVWTDCC.pdf}
}

@inproceedings{debugandoedsbsi,
 author={Lucas Fernando Borges and Ana Cláudia Martinez and Thiago Pirola Ribeiro},
 title = {O ensino de Estrutura de Dados auxiliado por uma Plataforma Didática na Web},
 booktitle = {Anais Estendidos do XVII Simpósio Brasileiro de Sistemas de Informação},
 location = {On-line},
 year = {2021},
 pages = {37--40},
 publisher = {SBC},
 address = {Porto Alegre, RS, Brasil},
 doi = {10.5753/sbsi.2021.15351},
 url = {https://sol.sbc.org.br/index.php/sbsi_estendido/article/view/15351}
}

@article{de2018aspectos,
  title={Aspectos gerais de uso das interfaces gr{\'a}ficas de usu{\'a}rio},
  author={David de Oliveira Lemes},
  journal={TECCOGS: Revista Digital de Tecnologias Cognitivas},
  number={18},
  page={39},
  year={2018}
}

@misc{sbcihc,
	month = {Mar{\cc}o},
    year = {2021},
	Organization = {Sociedade Brasileira de Computa{\c c}{\~a}o},
	Title = {Interação Humano-Computador},
	Url = {https://www.sbc.org.br/14-comissoes/390-interacao-humano-computador}
}

@misc{w3cusabilidade,
	month = {Mar{\cc}o},
    year = {2002},
	Organization = {W3C},
	Title = {Exploring Usability Enhancements in W3C Process},
	Url = {https://www.w3.org/2002/09/usabilityws.html},
    note = {Acessado: 20/05/2021}
}

@misc{nielsen-usabilidade,
	month = {Mar{\c c}o},
    year = {2012},
	Organization = {Nielsen Norman Group},
	title = {Usability 101: Introduction to Usability},
	Url = {https://www.nngroup.com/articles/usability-101-introduction-to-usability/}
}

@misc{nielsen2005ten,
  title={Ten usability heuristics},
  author={Nielsen, Jakob},
  year={2005},
  url={https://www.nngroup.com/articles/ten-usability-heuristics/}
}

@phdthesis{brito2016usabilidade,
  title={Usabilidade e Design de Interfaces para uma Aplica{\c{c}}{\~a}o Web da Premium Minds},
  author={Brito, Francisco Fernandes Faia Villa de},
  school={Universidade Nova de Lisboa},
  year={2016}
}

@misc{maia2016designui,
  author = {Maia, Larissa},
  title = {{DESIGN DE INTERFACE: VOCÊ SABE O QUE É E QUAL A IMPORTÂNCIA?}},
  howpublished = {\url{https://agenciaduo.me/design-de-interface-voce-sabe-o-que-e-e-qual-a-importancia/}},
  year = 2016,
  note = {Acessado: 25/05/2021}
}

@article{ferreira2008usabilidade,
  title={Usabilidade e Acessibilidade no design para a Web},
  author={Ferreira, Ana Cristina de Sousa Martins},
  year={2008}
}

@misc{slhjustask,
  author = {Henry, Shawn Lawton},
  title = {{Just Ask: Integrating Accessibility Throughout Design}},
  howpublished = {\url{http://www.uiaccess.com/accessucd/}},
  year = {2007},
  note = {Acessado: 27/08/2021}
}

@book{normanDAODESIGNDODIA,
  title={O design do dia a dia},
  author={Donald Arthur Norman},
  year={2006},
  publisher={Editora Rocco},
  address = {Rio de Janeiro}
}

@misc{gestalt7principios,
  Organization={Editorial Aela.io},
  title = {Os 7 Princípios de Gestalt e Como Utilizá-los em Projetos de UI Design},
  howpublished = {\url{https://medium.com/aela/os-7-princípios-de-gestalt-e-como-utilizá-los-em-projetos-de-ui-design-46d6d832abf6}},
  year = {2020},
  note = {Acessado: 26/09/2021}
}

@misc{gestaltleticiasimoes,
  author={Sim{\~o}es, Leticia},
  Organization={Alura},
  title = {Você conhece o princípio de Gestalt?},
  howpublished = {\url{https://www.alura.com.br/artigos/voce-conhece-o-principio-de-gestalt?gclid=Cj0KCQjwtMCKBhDAARIsAG-2Eu9DGN0M7fLigO_M0JotR1jz94wXOOCFLjgRQd02m2fn41jNfhYQLoUaAlvgEALw_wcB}},
  year = 2020,
  note = {Acessado: 26/09/2021}
}

@misc{pinheiro2016ux,
  author={Pinheiro, Allan Petterson da Silva},
  title={UX design introduzido no desenvolvimento de interfaces gr{\'a}ficas},
  school={Centro Universitário de Brasília - UniCEUB},
  note={TCC - Curso Superior de Tecnologia em Design Gráfico},
  year={2016}
}

@article{matos2021estudo,
  title={ESTUDO SOBRE CONCEP{\c{C}}{\~A}O E DESENVOLVIMENTO DE INTERFACES GR{\'A}FICAS COM A INSER{\c{C}}{\~A}O DE UX DESIGN},
  author={Matos, Alexandre},
  year={2021},
  publisher={Pontif{\'\i}cia Universidade Cat{\'o}lica de Goi{\'a}s}
}

@mastersthesis{rodrigues2017aplicaccao,
  title={Aplica{\c{c}}{\~a}o do conceito visual material design no desenvolvimento de um prot{\'o}tipo de interface gr{\'a}fica},
  author={Rodrigues, Paulo Henrique de Araujo},
  type={{B.S.} thesis},
  year={2017},
  school={Universidade Tecnol{\'o}gica Federal do Paran{\'a}}
}

@misc{CordeiroFilipeIMD,
  author={Cordeiro, Filipe},
  title={Introdução ao Material Design},
  howpublished = {\url{https://www.androidpro.com.br/blog/design-layout/android-material-design-introducao/}},
  year={2016},
  note = {Acessado: 26/09/2021}
}

@inproceedings{Zanetti2022,
   author = {Felipe Antônio Justino Zanetti and Thiago Pirola Ribeiro}, 
    title = {Uso de Heurísticas e Princípios para Análise de Interface e Experiência de Usuário},
booktitle = {Anais do IX FACOM TECHWEEK e XVI Workshop de Teses e Dissertações em Ciência da Computação (WTDCC)},
     year = 2022,
  address = {Uberlândia - MG}, 
    pages = {69},
}

@book{barbosa2010interaccao,
  title={Intera{\c{c}}{\~a}o humano-computador},
  author={Barbosa, Simone and Silva, Bruno},
  year={2010},
  publisher={Elsevier Brasil}
}

@inproceedings{borges2021ensino,
  title={O ensino de Estrutura de Dados auxiliado por uma Plataforma Did{\'a}tica na Web},
  author={Borges, Lucas Fernando and Martinez, Ana Cl{\'a}udia and Ribeiro, Thiago Pirola},
  booktitle={Anais Estendidos do XVII Simp{\'o}sio Brasileiro de Sistemas de Informa{\c{c}}{\~a}o},
  pages={37--40},
  year={2021},
  organization={SBC}
}